@online{Linux,
  author = {Fábio Berbert de Paula},
  title = {O que é {GNU/Linux}: \url{https://www.vivaolinux.com.br/linux/}, acessed July 10, 2018},
}

@online{script,
	author = {Felipe Arruda},
	title = {Introdução ao Shell Script: \url{https://canaltech.com.br/linux/Introducao-ao-Shell-Script/}, acessed July 10, 2018},
}

@online{SisOp,
	author = {Jorge Muniz Barreto},
	title = {Sistema Operacional: \url{http://www.inf.ufsc.br/~j.barreto/cca/sisop/sisoperac.html}, acessed July 10, 2018},
}




@online{Shell,
	author = {CCM},
	title = {Linux – O Shell: \url{https://br.ccm.net/contents/320-linux-o-shell}, acessed July 10, 2018},
}

@online{VE2,
	author = {Fabricio Ferrari},
	title = {Variáveis do shell: \url{http://pcleon.if.ufrgs.br/~leon/Livro_3_ed/node41.html}, acessed July 10, 2018},
}



%https://pt.wikipedia.org/wiki/Vari%C3%A1vel_de_ambiente


