Automatically generated by Mendeley Desktop 1.13.6
Any changes to this file will be lost if it is regenerated by Mendeley.

BibTeX export options can be customized via Options -> BibTeX in Mendeley Desktop

@article{Larson2006,
author = {Larson, Jacoby and Bruch, Michael and Ebken, John},
doi = {10.1117/12.663798},
file = {:C$\backslash$:/Users/Eric/Downloads/a449463.pdf:pdf},
isbn = {6195539775},
issn = {0277786X},
journal = {Proceedings of SPIE},
keywords = {autonomous,obstacle avoidance,path,robotics,unmanned surface vehicle,usv,waypoint navigation},
pages = {17--20},
title = {{Autonomous navigation and obstacle avoidance for unmanned surface vehicles}},
url = {http://link.aip.org/link/PSISDG/v6230/i1/p623007/s1\&Agg=doi},
volume = {6230 I},
year = {2006}
}

@article{Fossen2000,
author = {Fossen, Ti},
journal = {Conference on Manoeuvring and control of marine craft},
title = {{A survey on nonlinear ship control: From theory to practice}},
url = {http://www.itk.ntnu.no/ansatte/Fossen\_Thor/papers/mcmc2000a.pdf},
year = {2000}
}

